@article{ferre2013strokes,
  title={Strokes and their relationship with sleep and sleep disorders},
  author={Ferre, A and Rib{\'o}, M and Rodriguez-Luna, D and Romero, O and Sampol, G and Molina, CA and Alvarez-Sabin, J},
  journal={Neurolog{\'\i}a (English Edition)},
  volume={28},
  number={2},
  pages={103--118},
  year={2013},
  publisher={Elsevier}
}

@article{bonnin2009sleep,
  title={Sleep-related breathing disorders in acute lacunar stroke},
  author={Bonnin-Vilaplana, Marc and Arboix, Adri{\`a} and Parra, Olga and Garc{\'\i}a-Eroles, Luis and Montserrat, Josep M and Massons, Joan},
  journal={Journal of neurology},
  volume={256},
  number={12},
  pages={2036},
  year={2009},
  publisher={Springer}
}

@inproceedings{rochester2002respiratory,
  title={Respiratory complications of stroke},
  author={Rochester, Carolyn L and Mohsenin, Vahid},
  booktitle={Seminars in respiratory and critical care medicine},
  volume={23},
  number={03},
  pages={248--260},
  year={2002},
  organization={Copyright{\copyright} 2002 by Thieme Medical Publishers, Inc., 333 Seventh Avenue, New~â€¦}
}

@article{patterson2008gait,
  title={Gait asymmetry in community-ambulating stroke survivors},
  author={Patterson, Kara K and Parafianowicz, Iwona and Danells, Cynthia J and Closson, Valerie and Verrier, Mary C and Staines, W Richard and Black, Sandra E and McIlroy, William E},
  journal={Archives of physical medicine and rehabilitation},
  volume={89},
  number={2},
  pages={304--310},
  year={2008},
  publisher={Elsevier}
}

@article{hodt2008should,
  title={Should trunk movement or footfall parameters quantify gait asymmetry in chronic stroke patients?},
  author={Hodt-Billington, Caroline and Helbostad, Jorunn L and Moe-Nilssen, Rolf},
  journal={Gait \& posture},
  volume={27},
  number={4},
  pages={552--558},
  year={2008},
  publisher={Elsevier}
}

@article{lodha2012bimanual,
  title={Bimanual isometric force control: asymmetry and coordination evidence post stroke},
  author={Lodha, Neha and Coombes, Stephen A and Cauraugh, James H},
  journal={Clinical Neurophysiology},
  volume={123},
  number={4},
  pages={787--795},
  year={2012},
  publisher={Elsevier}
}

@article{camilo2012supine,
  title={Supine sleep and positional sleep apnea after acute ischemic stroke and intracerebral hemorrhage},
  author={Camilo, Millene R and Fernandes, Regina MF and Sander, Heidi H and Nobre, Fernando and Santos-Pontelli, Taiza and Santos, Antonio C dos and Araujo, Draulio B de and Leite, Joao P and Pontes-Neto, Octavio M},
  journal={Clinics},
  volume={67},
  number={12},
  pages={1357--1360},
  year={2012},
  publisher={SciELO Brasil}
}

@article{brown2008high,
  title={High prevalence of supine sleep in ischemic stroke patients},
  author={Brown, Devin L and Lisabeth, Lynda D and Zupancic, Michael J and Concannon, Maryann and Martin, Cory and Chervin, Ronald D},
  journal={Stroke},
  volume={39},
  number={9},
  pages={2511--2514},
  year={2008},
  publisher={Am Heart Assoc}
}